@article{LeKhac2020,
  doi = {10.1109/access.2020.3031549},
  url = {https://doi.org/10.1109/access.2020.3031549},
  year = {2020},
  publisher = {Institute of Electrical and Electronics Engineers ({IEEE})},
  volume = {8},
  pages = {193907--193934},
  author = {Phuc H. Le-Khac and Graham Healy and Alan F. Smeaton},
  title = {Contrastive Representation Learning: A Framework and Review},
  journal = {{IEEE} Access}
}

@inproceedings{Schroff2015,
  doi = {10.1109/cvpr.2015.7298682},
  url = {https://doi.org/10.1109/cvpr.2015.7298682},
  year = {2015},
  month = jun,
  publisher = {{IEEE}},
  author = {Florian Schroff and Dmitry Kalenichenko and James Philbin},
  title = {{FaceNet}: A unified embedding for face recognition and clustering},
  booktitle = {2015 {IEEE} Conference on Computer Vision and Pattern Recognition ({CVPR})}
}

@inproceedings{Song2016,
  doi = {10.1109/cvpr.2016.434},
  url = {https://doi.org/10.1109/cvpr.2016.434},
  year = {2016},
  month = jun,
  publisher = {{IEEE}},
  author = {Hyun Oh Song and Yu Xiang and Stefanie Jegelka and Silvio Savarese},
  title = {Deep Metric Learning via Lifted Structured Feature Embedding},
  booktitle = {2016 {IEEE} Conference on Computer Vision and Pattern Recognition ({CVPR})}
}

@inproceedings{Sohn2016ImprovedDM,
  title={Improved Deep Metric Learning with Multi-class N-pair Loss Objective},
  author={Kihyuk Sohn},
  booktitle={Neural Information Processing Systems},
  year={2016},
  url={https://api.semanticscholar.org/CorpusID:911406}
}

@article{Oord2018RepresentationLW,
  title={Representation Learning with Contrastive Predictive Coding},
  author={A{\"a}ron van den Oord and Yazhe Li and Oriol Vinyals},
  journal={ArXiv},
  year={2018},
  volume={abs/1807.03748},
  url={https://api.semanticscholar.org/CorpusID:49670925}
}

@misc{chen2020simple,
      title={A Simple Framework for Contrastive Learning of Visual Representations}, 
      author={Ting Chen and Simon Kornblith and Mohammad Norouzi and Geoffrey Hinton},
      year={2020},
      eprint={2002.05709},
      archivePrefix={arXiv},
      primaryClass={cs.LG}
}

@inproceedings{NEURIPS2021_de8aa43e,
 author = {Hong, Youngkyu and Yang, Eunho},
 booktitle = {Advances in Neural Information Processing Systems},
 editor = {M. Ranzato and A. Beygelzimer and Y. Dauphin and P.S. Liang and J. Wortman Vaughan},
 pages = {26449--26461},
 publisher = {Curran Associates, Inc.},
 title = {Unbiased Classification through Bias-Contrastive and Bias-Balanced Learning},
 url = {https://proceedings.neurips.cc/paper_files/paper/2021/file/de8aa43e5d5fa8536cf23e54244476fa-Paper.pdf},
 volume = {34},
 year = {2021}
}

@misc{khosla2021supervised,
      title={Supervised Contrastive Learning}, 
      author={Prannay Khosla and Piotr Teterwak and Chen Wang and Aaron Sarna and Yonglong Tian and Phillip Isola and Aaron Maschinot and Ce Liu and Dilip Krishnan},
      year={2021},
      eprint={2004.11362},
      archivePrefix={arXiv},
      primaryClass={cs.LG}
}

@misc{chuang2020debiased,
      title={Debiased Contrastive Learning}, 
      author={Ching-Yao Chuang and Joshua Robinson and Lin Yen-Chen and Antonio Torralba and Stefanie Jegelka},
      year={2020},
      eprint={2007.00224},
      archivePrefix={arXiv},
      primaryClass={cs.LG}
}

@Techreport{krizhevsky2009learning,
  author = {Krizhevsky, Alex and Hinton, Geoffrey},
 address = {Toronto, Ontario},
 institution = {University of Toronto},
 number = {0},
 publisher = {Technical report, University of Toronto},
 title = {Learning multiple layers of features from tiny images},
 year = {2009},
 title_with_no_special_chars = {Learning multiple layers of features from tiny images}
}

@misc{he2015deep,
      title={Deep Residual Learning for Image Recognition}, 
      author={Kaiming He and Xiangyu Zhang and Shaoqing Ren and Jian Sun},
      year={2015},
      eprint={1512.03385},
      archivePrefix={arXiv},
      primaryClass={cs.CV}
}

@misc{kingma2017adam,
      title={Adam: A Method for Stochastic Optimization}, 
      author={Diederik P. Kingma and Jimmy Ba},
      year={2017},
      eprint={1412.6980},
      archivePrefix={arXiv},
      primaryClass={cs.LG}
}
